@Misc{weru2019,
    Author = "Larry Weru",
    Title = "11 Animated Algorithms for the Traveling Salesman Problem",
    Note = "\url{https://stemlounge.com/animated-algorithms-for-the-traveling-salesman-problem/}, Accessed 2020-11-30",
    Journal = "Stem Lounge",
    Year = "2019"
}